{
  "leader": "05473cam a2200505 a 4500",
  "fields": [
    {
      "001": "ocm38936587\\"
    },
    {
      "003": "OCoLC"
    },
    {
      "005": "20220705125851.0"
    },
    {
      "008": "980402s1998\\\\\\\\inu\\\\\\\\\\\\b\\\\\\\\000\\0\\eng\\\\"
    },
    {
      "010": {
        "ind1": "\\",
        "ind2": "\\",
        "subfields": [
          {
            "a": "   98007117 "
          }
        ]
      }
    },
    {
      "040": {
        "ind1": "\\",
        "ind2": "\\",
        "subfields": [
          {
            "a": "DLC"
          },
          {
            "b": "eng"
          },
          {
            "c": "DLC"
          },
          {
            "d": "DPL"
          },
          {
            "d": "VVC"
          },
          {
            "d": "NLGGC"
          },
          {
            "d": "BTCTA"
          },
          {
            "d": "YDXCP"
          },
          {
            "d": "FWR"
          },
          {
            "d": "GEBAY"
          },
          {
            "d": "BDX"
          },
          {
            "d": "OCLCO"
          },
          {
            "d": "OCLCF"
          },
          {
            "d": "OCLCQ"
          },
          {
            "d": "OCLCO"
          },
          {
            "d": "DEBBG"
          },
          {
            "d": "IDU"
          },
          {
            "d": "OCLCO"
          },
          {
            "d": "OCLCA"
          },
          {
            "d": "IL4J6"
          },
          {
            "d": "OCLCO"
          },
          {
            "d": "OCLCQ"
          },
          {
            "d": "OCLCO"
          }
        ]
      }
    },
    {
      "020": {
        "ind1": "\\",
        "ind2": "\\",
        "subfields": [
          {
            "a": "0253334896"
          },
          {
            "q": "(alk. paper)"
          }
        ]
      }
    },
    {
      "020": {
        "ind1": "\\",
        "ind2": "\\",
        "subfields": [
          {
            "a": "9780253334893"
          },
          {
            "q": "(alk. paper)"
          }
        ]
      }
    },
    {
      "020": {
        "ind1": "\\",
        "ind2": "\\",
        "subfields": [
          {
            "a": "0253214106"
          }
        ]
      }
    },
    {
      "020": {
        "ind1": "\\",
        "ind2": "\\",
        "subfields": [
          {
            "a": "9780253214102"
          }
        ]
      }
    },
    {
      "035": {
        "ind1": "\\",
        "ind2": "\\",
        "subfields": [
          {
            "a": "(OCoLC)38936587"
          }
        ]
      }
    },
    {
      "043": {
        "ind1": "\\",
        "ind2": "\\",
        "subfields": [
          {
            "a": "n-us---"
          }
        ]
      }
    },
    {
      "050": {
        "ind1": "0",
        "ind2": "0",
        "subfields": [
          {
            "a": "HD2769.2.U6"
          },
          {
            "b": "M35 1998"
          }
        ]
      }
    },
    {
      "080": {
        "ind1": "\\",
        "ind2": "\\",
        "subfields": [
          {
            "a": "361.763(73)(09)"
          }
        ]
      }
    },
    {
      "082": {
        "ind1": "0",
        "ind2": "4",
        "subfields": [
          {
            "a": "361.763"
          },
          {
            "b": "MAK"
          }
        ]
      }
    },
    {
      "245": {
        "ind1": "0",
        "ind2": "0",
        "subfields": [
          {
            "a": "Making the nonprofit sector in the United States :"
          },
          {
            "b": "a reader /"
          },
          {
            "c": "edited with introductions by David C. Hammack."
          }
        ]
      }
    },
    {
      "260": {
        "ind1": "\\",
        "ind2": "\\",
        "subfields": [
          {
            "a": "Bloomington, Ind. :"
          },
          {
            "b": "Indiana University Press,"
          },
          {
            "c": "\u00a91998."
          }
        ]
      }
    },
    {
      "300": {
        "ind1": "\\",
        "ind2": "\\",
        "subfields": [
          {
            "a": "xix, 481 pages ;"
          },
          {
            "c": "25 cm."
          }
        ]
      }
    },
    {
      "336": {
        "ind1": "\\",
        "ind2": "\\",
        "subfields": [
          {
            "a": "text"
          },
          {
            "b": "txt"
          },
          {
            "2": "rdacontent"
          }
        ]
      }
    },
    {
      "337": {
        "ind1": "\\",
        "ind2": "\\",
        "subfields": [
          {
            "a": "unmediated"
          },
          {
            "b": "n"
          },
          {
            "2": "rdamedia"
          }
        ]
      }
    },
    {
      "338": {
        "ind1": "\\",
        "ind2": "\\",
        "subfields": [
          {
            "a": "volume"
          },
          {
            "b": "nc"
          },
          {
            "2": "rdacarrier"
          }
        ]
      }
    },
    {
      "490": {
        "ind1": "1",
        "ind2": "\\",
        "subfields": [
          {
            "a": "Philanthropic studies"
          }
        ]
      }
    },
    {
      "504": {
        "ind1": "\\",
        "ind2": "\\",
        "subfields": [
          {
            "a": "Includes bibliographical references."
          }
        ]
      }
    },
    {
      "505": {
        "ind1": "0",
        "ind2": "\\",
        "subfields": [
          {
            "a": "The statute of charitable uses, 1601 ; The Elizabethan Poor Law, 1601 ; Report to the viceroy of Mexico on conditions at Santa Fe, 1601 / Juan de Escalona ; A model of Christian charity, 1630 / John Winthrop ; Laws regulating religion, 1642 ; New England's First Fruits, 1643 / Hugh Peter, Thomas Weld ; Account of the ceremony proclaiming new France, 1671 / Claude Jean Allouz ; Remonstrance against the law against Quakers, 1657 ; Virginia's cure, 1662 / Roger Greene ; The great case of liberty of conscience, 1670 / William Penn ; Bonifacius: essays to do good, 1710 / Cotton Mather ; Argument against Anglican control of King's College (Columbia), 1753 / William Livingston ; Journal of the Carolina backcountry, 1767-68 / Charles Woodmason ; Autobiography: recollections of institution-building, 1771-84 / Benjamin Franklin ; Cato's letters: arguments against a strong central government, 1720 / John Trenchard, Thomas Gordon ; Argument against taxes for religious purposes in Massachusetts, 1774 / Isaac Backus ; Virginia act establishing religious freedom, 1786 / Thomas Jefferson ; The Federalist, no. 10, 1787 / James Madison ; The Constitution of the United States, excerpts, 1789, and the first and tenth amendments, 1791 ; Autobiographical statement on the 1818 disestablishment of the \"standing order\" in Connecticut, 1864 / Lyman Beecher ; The Dartmouth College case. Argument before the U.S. Supreme Court, 1818 / Daniel Webster ; Decision / John Marshall ; Concurring opinion, 1819 / Joseph Story ; Political associations in the United States, 1835, and of the use which Americans make of public associations in civil society, 1840 / Alexis de Tocqueville ; Organized activity among slaves ; The suppression of religion among slaves, 1849 / Henry Bibb ; Account of slave preachers, 1839 / Daniel A. Payne ; The voluntary principle in American Christianity, 1844 / Robert Baird ; Institutions, autonomy, and national networks, 1982 / Peter Dobkin Hall ; Social Catholicism, 1975 / Jay P. Dolan ; The Jewish tradition of community, 1970 / Arthur A. Goren ; Women together organizations in Antebellum Petersburg, Virginia, 1984 / Suzanne Lebsock ; Parallel power structures: women and the voluntary sphere, 1990 / Kathleen D. McCarthy ; Economic cooperation among Negro Americans, 1907 / W.E.B. Dubois ; Debate over government subsidies. Argument against public subsidies to private charities, 1908 / Amos G. Warner ; The unofficial government of cities, 1900 / Everett P. Wheeler ; Business at the bedside: health care in Brooklyn, 1890-1915 (1979) / David Rosner ; Address on the tenth anniversary of the Rockefeller Institute, 1911 / Frederick T. Gates ; Community foundations: the delicate question of purpose, 1989 / David C. Hammack ; Community chest, 1957 / John R. Seeley et al / The March of Dimes: origins and prospects, 1957 / David L. Sills ; Pierce v. Society of the Sisters. Brief for private schools / William D. Guthrie, Bernard Hershkopf ; Decision of the U.S. Supreme Court, 1925 / Justice McReynolds ; Debate over a Great Society nonprofit organization in Mississippi: testimony on the child development Group of Mississippi and the Head Start Program, 1967 / John Stennis, Marian Wright ; The Third Sector, 1974 ; The political economy of nonprofit revenues, 1993 / Steven Rathgeb Smith, Michael Lipsky ; Rust v. Sullivan: decision of the U.S. Supreme Court, 1991 / William Renquist."
          }
        ]
      }
    },
    {
      "500": {
        "ind1": "\\",
        "ind2": "\\",
        "subfields": [
          {
            "a": "APPE gift."
          },
          {
            "5": "InGrD"
          }
        ]
      }
    },
    {
      "650": {
        "ind1": "\\",
        "ind2": "0",
        "subfields": [
          {
            "a": "Nonprofit organizations"
          },
          {
            "z": "United States"
          },
          {
            "x": "History."
          }
        ]
      }
    },
    {
      "650": {
        "ind1": "\\",
        "ind2": "0",
        "subfields": [
          {
            "a": "Endowments"
          },
          {
            "z": "United States"
          },
          {
            "x": "History."
          }
        ]
      }
    },
    {
      "650": {
        "ind1": "\\",
        "ind2": "0",
        "subfields": [
          {
            "a": "Charities"
          },
          {
            "z": "United States"
          },
          {
            "x": "History."
          }
        ]
      }
    },
    {
      "650": {
        "ind1": "\\",
        "ind2": "7",
        "subfields": [
          {
            "a": "Charities."
          },
          {
            "2": "fast"
          },
          {
            "0": "(OCoLC)fst00852404"
          }
        ]
      }
    },
    {
      "650": {
        "ind1": "\\",
        "ind2": "7",
        "subfields": [
          {
            "a": "Endowments."
          },
          {
            "2": "fast"
          },
          {
            "0": "(OCoLC)fst00909854"
          }
        ]
      }
    },
    {
      "650": {
        "ind1": "\\",
        "ind2": "7",
        "subfields": [
          {
            "a": "Nonprofit organizations."
          },
          {
            "2": "fast"
          },
          {
            "0": "(OCoLC)fst01038875"
          }
        ]
      }
    },
    {
      "651": {
        "ind1": "\\",
        "ind2": "7",
        "subfields": [
          {
            "a": "United States."
          },
          {
            "2": "fast"
          },
          {
            "0": "(OCoLC)fst01204155"
          }
        ]
      }
    },
    {
      "655": {
        "ind1": "\\",
        "ind2": "7",
        "subfields": [
          {
            "a": "History."
          },
          {
            "2": "fast"
          },
          {
            "0": "(OCoLC)fst01411628"
          }
        ]
      }
    },
    {
      "700": {
        "ind1": "1",
        "ind2": "\\",
        "subfields": [
          {
            "a": "Hammack, David C.,"
          },
          {
            "e": "editor."
          }
        ]
      }
    },
    {
      "830": {
        "ind1": "\\",
        "ind2": "0",
        "subfields": [
          {
            "a": "Philanthropic studies."
          }
        ]
      }
    },
    {
      "856": {
        "ind1": "4",
        "ind2": "2",
        "subfields": [
          {
            "3": "Book review (H-Net)"
          },
          {
            "u": "http://www.h-net.org/review/hrev-a0b2k2-aa"
          }
        ]
      }
    },
    {
      "856": {
        "ind1": "\\",
        "ind2": "\\",
        "subfields": [
          {
            "u": "http://bvbr.bib-bvb.de:8991/F?func=service&doc_library=BVB01&local_base=BVB01&doc_number=008512754&line_number=0001&func_code=DB_RECORDS&service_type=MEDIA"
          },
          {
            "z": "Inhaltsverzeichnis"
          }
        ]
      }
    },
    {
      "994": {
        "ind1": "\\",
        "ind2": "\\",
        "subfields": [
          {
            "a": "Z0"
          },
          {
            "b": "NYRVC"
          }
        ]
      }
    },
    {
      "948": {
        "ind1": "\\",
        "ind2": "\\",
        "subfields": [
          {
            "h": "NO HOLDINGS IN NYRVC - 280 OTHER HOLDINGS"
          }
        ]
      }
    },
    {
      "999": {
        "ind1": "\\",
        "ind2": "\\",
        "subfields": [
          {
            "a": "00000000013589"
          }
        ]
      }
    }
  ]
}